<?xml version="1.0" encoding="UTF-8"?><record xmlns="http://www.loc.gov/MARC21/slim" xmlns:cinclude="http://apache.org/cocoon/include/1.0" xmlns:zs="http://www.loc.gov/zing/srw/">
  <leader>00500cz  a2200157n  4500</leader>
  <controlfield tag="001">no2009055524</controlfield>
  <controlfield tag="003">DLC</controlfield>
  <controlfield tag="005">20130326121534.0</controlfield>
  <controlfield tag="008">090409n| azannaabn          |a aaa     c</controlfield>
  <datafield tag="010" ind1=" " ind2=" ">
    <subfield code="a">no2009055524</subfield>
  </datafield>
  <datafield tag="035" ind1=" " ind2=" ">
    <subfield code="a">(OCoLC)oca08072846</subfield>
  </datafield>
  <datafield tag="040" ind1=" " ind2=" ">
    <subfield code="a">TxU-Mu</subfield>
    <subfield code="b">eng</subfield>
    <subfield code="e">rda</subfield>
    <subfield code="c">TxU-Mu</subfield>
    <subfield code="d">DLC</subfield>
  </datafield>
  <datafield tag="100" ind1="0" ind2=" ">
    <subfield code="a">Bobcat</subfield>
    <subfield code="c">(Rapper)</subfield>
  </datafield>
  <datafield tag="400" ind1="1" ind2=" ">
    <subfield code="a">Ervin, Bobby</subfield>
  </datafield>
  <datafield tag="670" ind1=" " ind2=" ">
    <subfield code="a">I need you [SR] p1989:</subfield>
    <subfield code="b">label (Bobcat; Bobby "Bobcat" Ervin)</subfield>
  </datafield>
  <datafield tag="670" ind1=" " ind2=" ">
    <subfield code="a">All music guide WWW site, Apr. 9, 2009</subfield>
    <subfield code="b">(Bobcat; west coast rapper, DJ, and producer)</subfield>
  </datafield>
</record>